@inproceedings{lau2009interpreting,
  title={Interpreting Written How-To Instructions.},
  author={Lau, Tessa A and Drews, Clemens and Nichols, Jeffrey},
  booktitle={IJCAI},
  pages={1433--1438},
  year={2009}
}

@inproceedings{branavan2009reinforcement,
  title={Reinforcement learning for mapping instructions to actions},
  author={Branavan, Satchuthananthavale RK and Chen, Harr and Zettlemoyer, Luke and Barzilay, Regina},
  booktitle={Proceedings of the Joint Conference of the 47th Annual Meeting of the ACL and the 4th International Joint Conference on Natural Language Processing of the AFNLP},
  pages={82--90},
  year={2009}
}

@article{macmahon2006walk,
  title={Walk the talk: Connecting language, knowledge, and action in route instructions},
  author={MacMahon, Matt and Stankiewicz, Brian and Kuipers, Benjamin},
  journal={Def},
  volume={2},
  number={6},
  pages={4},
  year={2006}
}

@article{wunderlich1982get,
  title={How to get there from here},
  author={Wunderlich, Dieter},
  journal={Speech, place, and action},
  pages={183--201},
  year={1982},
  publisher={Wiley}
}

@inproceedings{shimizu2009learning,
  title={Learning to follow navigational route instructions},
  author={Shimizu, Nobuyuki and Haas, Andrew},
  booktitle={Twenty-First International Joint Conference on Artificial Intelligence},
  year={2009},
  organization={Citeseer}
}

@inproceedings{chen2011learning,
  title={Learning to interpret natural language navigation instructions from observations},
  author={Chen, David and Mooney, Raymond},
  booktitle={Proceedings of the AAAI Conference on Artificial Intelligence},
  volume={25},
  number={1},
  pages={859--865},
  year={2011}
}

@inproceedings{vogel2010learning,
  title={Learning to follow navigational directions},
  author={Vogel, Adam and Jurafsky, Dan},
  booktitle={Proceedings of the 48th annual meeting of the association for computational linguistics},
  pages={806--814},
  year={2010}
}

@article{hashimoto2016joint,
  title={A joint many-task model: Growing a neural network for multiple nlp tasks},
  author={Hashimoto, Kazuma and Xiong, Caiming and Tsuruoka, Yoshimasa and Socher, Richard},
  journal={arXiv preprint arXiv:1611.01587},
  year={2016}
}

@article{xu2021ontology,
  title={Ontology and rule-based natural language processing approach for interpreting textual regulations on underground utility infrastructure},
  author={Xu, Xin and Cai, Hubo},
  journal={Advanced Engineering Informatics},
  volume={48},
  pages={101288},
  year={2021},
  publisher={Elsevier}
}

@article{williams2017hybrid,
  title={Hybrid code networks: practical and efficient end-to-end dialog control with supervised and reinforcement learning},
  author={Williams, Jason D and Asadi, Kavosh and Zweig, Geoffrey},
  journal={arXiv preprint arXiv:1702.03274},
  year={2017}
}

@article{hutchins2005history,
  title={The history of machine translation in a nutshell},
  author={Hutchins, John},
  journal={Retrieved December},
  volume={20},
  number={2009},
  pages={1--1},
  year={2005}
}

@article{guida1986evaluation,
  title={Evaluation of natural language processing systems: Issues and approaches},
  author={Guida, Giovanni and Mauri, Giancarlo},
  journal={Proceedings of the IEEE},
  volume={74},
  number={7},
  pages={1026--1035},
  year={1986},
  publisher={IEEE}
}

@inproceedings{chen2011learning,
  title={Learning to interpret natural language navigation instructions from observations},
  author={Chen, David and Mooney, Raymond},
  booktitle={Proceedings of the AAAI Conference on Artificial Intelligence},
  volume={25},
  number={1},
  pages={859--865},
  year={2011}
}